@inproceedings{augustin2006rimes,
  title={RIMES evaluation campaign for handwritten mail processing},
  author={Augustin, Emmanuel and Carr{\'e}, Matthieu and Grosicki, Emmanu{\`e}le and Brodin, J-M and Geoffrois, Edouard and Pr{\^e}teux, Fran{\c{c}}oise},
  booktitle={International Workshop on Frontiers in Handwriting Recognition (IWFHR'06),},
  pages={231--235},
  year={2006}
}

@article{marti2002iam,
  title={The IAM-database: an English sentence database for offline handwriting recognition},
  author={Marti, U-V and Bunke, Horst},
  journal={International Journal on Document Analysis and Recognition},
  volume={5},
  number={1},
  pages={39--46},
  year={2002},
  publisher={Springer}
}

@inproceedings{mahmoud2012khatt,
  title={Khatt: Arabic offline handwritten text database},
  author={Mahmoud, Sabri A and Ahmad, Irfan and Alshayeb, Mohammad and Al-Khatib, Wasfi G and Parvez, Mohammad Tanvir and Fink, Gernot A and M{\"a}rgner, Volker and El Abed, Haikal},
  booktitle={2012 International Conference on Frontiers in Handwriting Recognition},
  pages={449--454},
  year={2012},
  organization={IEEE}
}

@inproceedings{pechwitz2002baseline,
  title={Baseline estimation for Arabic handwritten words},
  author={Pechwitz, Mario and Margner, V},
  booktitle={Proceedings Eighth International Workshop on Frontiers in Handwriting Recognition},
  pages={479--484},
  year={2002},
  organization={IEEE}
}

@inproceedings{liu2011casia,
  title={CASIA online and offline Chinese handwriting databases},
  author={Liu, Cheng-Lin and Yin, Fei and Wang, Da-Han and Wang, Qiu-Feng},
  booktitle={2011 International Conference on Document Analysis and Recognition},
  pages={37--41},
  year={2011},
  organization={IEEE}
}

@inproceedings{su2006hit,
  title={HIT-MW dataset for offline Chinese handwritten text recognition},
  author={Su, Tonghua and Zhang, Tianwen and Guan, Dejun},
  year={2006}
}

@inproceedings{matsushita2014database,
  title={A Database of On-Line Handwritten Mixed Objects Named" Kondate"},
  author={Matsushita, Tomohisa and Nakagawa, Masaki},
  booktitle={2014 14th International Conference on Frontiers in Handwriting Recognition},
  pages={369--374},
  year={2014},
  organization={IEEE}
}

@article{nakagawa2004collection,
  title={Collection of on-line handwritten Japanese character pattern databases and their analyses},
  author={Nakagawa, Masaki and Matsumoto, Kaoru},
  journal={Document Analysis and Recognition},
  volume={7},
  number={1},
  pages={69--81},
  year={2004},
  publisher={Springer}
}

@inproceedings{liwicki2005iam,
  title={IAM-OnDB-an on-line English sentence database acquired from handwritten text on a whiteboard},
  author={Liwicki, Marcus and Bunke, Horst},
  booktitle={Eighth International Conference on Document Analysis and Recognition (ICDAR'05)},
  pages={956--961},
  year={2005},
  organization={IEEE}
}

@article{jin2011scut,
  title={SCUT-COUCH2009â€”a comprehensive online unconstrained Chinese handwriting database and benchmark evaluation},
  author={Jin, Lianwen and Gao, Yan and Liu, Gang and Li, Yunyang and Ding, Kai},
  journal={International Journal on Document Analysis and Recognition (IJDAR)},
  volume={14},
  number={1},
  pages={53--64},
  year={2011},
  publisher={Springer}
}

@inproceedings{yin2013icdar,
  title={ICDAR 2013 Chinese handwriting recognition competition},
  author={Yin, Fei and Wang, Qiu-Feng and Zhang, Xu-Yao and Liu, Cheng-Lin},
  booktitle={2013 12th International Conference on Document Analysis and Recognition},
  pages={1464--1470},
  year={2013},
  organization={IEEE}
}

@book{shermis2003automated,
  title={Automated essay scoring: A cross-disciplinary perspective},
  author={Shermis, Mark D and Burstein, Jill C},
  year={2003},
  publisher={Routledge}
}

@ARTICLE{8565866,
author={Y. {Zhu} and Z. {Xie} and L. {Jin} and X. {Chen} and Y. {Huang} and M. {Zhang}},
journal={IEEE Access},
title={SCUT-EPT: New Dataset and Benchmark for Offline Chinese Text Recognition in Examination Paper},
year={2019},
volume={7},
number={},
pages={370-382},
keywords={Text recognition;Handwriting recognition;Decoding;Databases;Character recognition;Switches;Image recognition;Offline handwritten Chinese text recognition (HCTR);educational documents;sequence transcription},
doi={10.1109/ACCESS.2018.2885398},
ISSN={2169-3536},
month={},}

@ARTICLE{8788526,
author={H. K. {Janda} and A. {Pawar} and S. {Du} and V. {Mago}},
journal={IEEE Access},
title={Syntactic, Semantic and Sentiment Analysis: The Joint Effect on Automated Essay Evaluation},
year={2019},
volume={7},
number={},
pages={108486-108503},
keywords={grammars;graph theory;sentiment analysis;sentiment analysis;automated essay evaluation;rule-based grammar;surface level coherence check;semantic similarity;semantic analysis;syntactic analysis;graph-based relationships;quadratic weighted kappa;Semantics;Syntactics;Natural language processing;Coherence;Feature extraction;Predictive models;Task analysis;Natural language processing;semantic analysis;sentiment analysis and text mining;automated essay evaluation},
doi={10.1109/ACCESS.2019.2933354},
ISSN={2169-3536},
month={},}